<?xml version="1.0" encoding="UTF-8"?><collection xmlns="http://www.loc.gov/MARC21/slim"><record><leader>00372nam--2200133-i-4500</leader><controlfield tag="001">000003764</controlfield><controlfield tag="002">20161230</controlfield><controlfield tag="005">20161230201025</controlfield><controlfield tag="008">060222s1000------------r-----000-0-eng-d</controlfield><datafield ind1=" " ind2=" " tag="100"><subfield code="a">Butnevici, L.I.Si Iurlovschi, A.P</subfield></datafield><datafield ind1=" " ind2=" " tag="245"><subfield code="a">Invelitori rigide si din materiale in sulfuri</subfield></datafield><datafield ind1=" " ind2=" " tag="260"><subfield code="a">Bucuresti, Institutul De Documentare Tehnica, 1949</subfield></datafield><datafield ind1=" " ind2=" " tag="490"><subfield code="a">168 P</subfield></datafield><datafield ind1=" " ind2=" " tag="852"><subfield code="a">695.7</subfield></datafield></record></collection>